<collection xmlns="http://www.loc.gov/MARC21/slim">
<record>
  <leader>01486nam0a22003251i 450 </leader>
  <controlfield tag="001">IT\ICCU\CNCE\058029</controlfield>
  <controlfield tag="005">20121008000000.0</controlfield>
  <datafield tag="012" ind1=" " ind2=" ">
    <subfield code="a">u-ta esu* roam trin (3) 1539 (R)</subfield>
    <subfield code="2">fei</subfield>
  </datafield>
  <datafield tag="100" ind1=" " ind2=" ">
    <subfield code="a">20040506d1539        0itac0103    ba</subfield>
  </datafield>
  <datafield tag="101" ind1=" " ind2=" ">
    <subfield code="a">LAT</subfield>
  </datafield>
  <datafield tag="102" ind1=" " ind2=" ">
    <subfield code="a">IT</subfield>
  </datafield>
  <datafield tag="200" ind1="1" ind2=" ">
    <subfield code="a">℗Luciani ℗De dea Syria libellus ab Othone Lupano e graeco sermone in latinum conuersus. Othonis Lupani in eundem Luciani libellum explanationes ...</subfield>
  </datafield>
  <datafield tag="210" ind1=" " ind2=" ">
    <subfield code="d">1539</subfield>
    <subfield code="e">Mediolani</subfield>
    <subfield code="g">Vincentius Medda exprimebat mense Decembri</subfield>
  </datafield>
  <datafield tag="215" ind1=" " ind2=" ">
    <subfield code="a">37, \1! c.</subfield>
    <subfield code="d">4ʻ</subfield>
  </datafield>
  <datafield tag="620" ind1=" " ind2=" ">
    <subfield code="a">IT</subfield>
    <subfield code="d">Milano</subfield>
  </datafield>
  <datafield tag="700" ind1=" " ind2="0">
    <subfield code="a">Lucianus</subfield>
    <subfield code="3">IT\ICCU\CNCA\000211</subfield>
  </datafield>
  <datafield tag="702" ind1=" " ind2="1">
    <subfield code="a">Lupano,</subfield>
    <subfield code="b">Ottone</subfield>
    <subfield code="3">IT\ICCU\CNCA\015661</subfield>
  </datafield>
  <datafield tag="712" ind1="0" ind2="0">
    <subfield code="a">Meda, Vincenzo</subfield>
    <subfield code="3">IT\ICCU\CNCT\000225</subfield>
    <subfield code="4">650</subfield>
  </datafield>
  <datafield tag="790" ind1=" " ind2="0">
    <subfield code="a">Lucianus</subfield>
    <subfield code="c"> : Samosatensis</subfield>
    <subfield code="3">IT\ICCU\CNCA\008636</subfield>
    <subfield code="z">Lucianus</subfield>
  </datafield>
  <datafield tag="790" ind1=" " ind2="0">
    <subfield code="a">Luciano</subfield>
    <subfield code="3">IT\ICCU\CNCA\020665</subfield>
    <subfield code="z">Lucianus</subfield>
  </datafield>
  <datafield tag="790" ind1=" " ind2="0">
    <subfield code="a">Luciano</subfield>
    <subfield code="c"> : di#Samosata</subfield>
    <subfield code="3">IT\ICCU\CNCA\020666</subfield>
    <subfield code="z">Lucianus</subfield>
  </datafield>
  <datafield tag="790" ind1=" " ind2="1">
    <subfield code="a">Luparo,</subfield>
    <subfield code="b">Ottone</subfield>
    <subfield code="3">IT\ICCU\CNCA\017865</subfield>
    <subfield code="z">Lupano, Ottone</subfield>
  </datafield>
  <datafield tag="790" ind1=" " ind2="1">
    <subfield code="a">Lupanus,</subfield>
    <subfield code="b">Otho</subfield>
    <subfield code="3">IT\ICCU\CNCA\021319</subfield>
    <subfield code="z">Lupano, Ottone</subfield>
  </datafield>
  <datafield tag="790" ind1=" " ind2="1">
    <subfield code="a">Lupano,</subfield>
    <subfield code="b">Otho</subfield>
    <subfield code="3">IT\ICCU\CNCA\021320</subfield>
    <subfield code="z">Lupano, Ottone</subfield>
  </datafield>
  <datafield tag="791" ind1="0" ind2="0">
    <subfield code="a">Gallus, Vincentius</subfield>
    <subfield code="3">IT\ICCU\CNCT\003826</subfield>
    <subfield code="z">Meda, Vincenzo</subfield>
  </datafield>
  <datafield tag="791" ind1="0" ind2="0">
    <subfield code="a">Medda, Vincentius</subfield>
    <subfield code="3">IT\ICCU\CNCT\005149</subfield>
    <subfield code="z">Meda, Vincenzo</subfield>
  </datafield>
  <datafield tag="801" ind1=" " ind2="3">
    <subfield code="a">IT</subfield>
    <subfield code="b">ICCU</subfield>
    <subfield code="c">20201115</subfield>
  </datafield>
  <datafield tag="899" ind1=" " ind2=" ">
    <subfield code="a">Archivio storico civico e Biblioteca Trivulziana. Milano</subfield>
    <subfield code="1">MI0327</subfield>
    <subfield code="2">LO1 13</subfield>
  </datafield>
  <datafield tag="899" ind1=" " ind2=" ">
    <subfield code="a">Biblioteca comunale Augusta. Perugia</subfield>
    <subfield code="1">PG0109</subfield>
    <subfield code="2">UM1 01</subfield>
  </datafield>
  <datafield tag="899" ind1=" " ind2=" ">
    <subfield code="a">Biblioteca Angelica. Roma</subfield>
    <subfield code="1">RM0290</subfield>
    <subfield code="2">RML 06</subfield>
  </datafield>
</record>
</collection>
